<record><leader>00000cas a2200000 a 4500</leader><controlfield tag="001">25556726</controlfield><controlfield tag="008">920330c19799999iluwr ne      0    0eng c</controlfield><datafield ind1=" " ind2=" " tag="010"><subfield code="a">sn 92053812 </subfield></datafield><datafield ind1=" " ind2=" " tag="040"><subfield code="a">NVF</subfield><subfield code="b">eng</subfield><subfield code="c">NVF</subfield><subfield code="d">OCLCQ</subfield><subfield code="d">NVF</subfield><subfield code="d">OCLCQ</subfield><subfield code="d">OCLCF</subfield><subfield code="d">OCLCO</subfield></datafield><datafield ind1="1" ind2=" " tag="029"><subfield code="a">AU@</subfield><subfield code="b">000041538605</subfield></datafield><datafield ind1=" " ind2=" " tag="042"><subfield code="a">pcc</subfield></datafield><datafield ind1=" " ind2=" " tag="043"><subfield code="a">n-us-il</subfield></datafield><datafield ind1="0" ind2="4" tag="245"><subfield code="a">The Waterloo Republic-times.</subfield></datafield><datafield ind1=" " ind2=" " tag="260"><subfield code="a">Waterloo, Ill. :</subfield><subfield code="b">Mrs. B.B. Voris,</subfield><subfield code="c">1979-</subfield></datafield><datafield ind1=" " ind2=" " tag="300"><subfield code="a">v.</subfield></datafield><datafield ind1=" " ind2=" " tag="310"><subfield code="a">Weekly</subfield></datafield><datafield ind1="0" ind2=" " tag="362"><subfield code="a">Vol. 90, no. 33 (Aug. 15, 1979)-</subfield></datafield><datafield ind1=" " ind2=" " tag="580"><subfield code="a">Merger of: Waterloo Republican; and: Waterloo times (Waterloo, Ill.).</subfield></datafield><datafield ind1=" " ind2="0" tag="651"><subfield code="a">Waterloo (Ill.)</subfield><subfield code="v">Newspapers.</subfield></datafield><datafield ind1=" " ind2="7" tag="655"><subfield code="a">Newspapers.</subfield><subfield code="2">fast</subfield><subfield code="0">(OCoLC)fst01423814</subfield></datafield><datafield ind1=" " ind2="7" tag="651"><subfield code="a">Illinois</subfield><subfield code="z">Waterloo.</subfield><subfield code="2">fast</subfield><subfield code="0">(OCoLC)fst01232800</subfield></datafield><datafield ind1=" " ind2=" " tag="752"><subfield code="a">United States</subfield><subfield code="b">Illinois</subfield><subfield code="c">Monroe</subfield><subfield code="d">Waterloo.</subfield></datafield><datafield ind1="1" ind2="4" tag="780"><subfield code="t">Waterloo Republican</subfield><subfield code="w">(DLC)sn 82015554</subfield><subfield code="w">(OCoLC)8821193</subfield></datafield><datafield ind1="1" ind2="4" tag="780"><subfield code="t">Waterloo times (Waterloo, Ill.)</subfield><subfield code="w">(DLC)sn 85034265</subfield><subfield code="w">(OCoLC)12599545</subfield></datafield></record>